@article{anderson_measurement_2020,
  title        = {Measurement of neutron-proton capture in the {SNO} + water phase},
  volume       = {102},
  issn         = {2469-9985, 2469-9993},
  url          = {https://link.aps.org/doi/10.1103/PhysRevC.102.014002},
  doi          = {10.1103/PhysRevC.102.014002},
  pages        = {014002},
  number       = {1},
  journaltitle = {Physical Review C},
  shortjournal = {Phys. Rev. C},
  author       = {Anderson, M. R. and Andringa, S. and Askins, M. and Auty, D. J. and Barros, N. and Barão, F. and Bayes, R. and Beier, E. W. and Bialek, A. and Biller, S. D. and Blucher, E. and Bonventre, R. and Boulay, M. and Caden, E. and Callaghan, E. J. and Caravaca, J. and Chauhan, D. and Chen, M. and Chkvorets, O. and Cleveland, B. and Cox, M. A. and Depatie, M. M. and Dittmer, J. and Di Lodovico, F. and Earle, A. D. and Falk, E. and Fatemighomi, N. and Fischer, V. and Fletcher, E. and Ford, R. and Frankiewicz, K. and Gilje, K. and Gooding, D. and Grant, C. and Grove, J. and Hallin, A. L. and Hallman, D. and Hans, S. and Hartnell, J. and Harvey, P. and Heintzelman, W. J. and Helmer, R. L. and Horne, D. and Hreljac, B. and Hu, J. and Hussain, A. S. M. and Inácio, A. S. and Jillings, C. J. and Kaptanoglu, T. and Khaghani, P. and Klein, J. R. and Knapik, R. and Kormos, L. L. and Krar, B. and Kraus, C. and Krauss, C. B. and Kroupova, T. and Lam, I. and Land, B. J. and LaTorre, A. and Lawson, I. and Lebanowski, L. and Leming, E. J. and Li, A. and Lidgard, J. and Liggins, B. and Lin, Y. H. and Liu, Y. and Lozza, V. and Luo, M. and Maguire, S. and Maio, A. and Manecki, S. and Maneira, J. and Martin, R. D. and Marzec, E. and Mastbaum, A. and McCauley, N. and McDonald, A. B. and Mekarski, P. and Meyer, M. and Mills, C. and Morton-Blake, I. and Nae, S. and Nirkko, M. and Nolan, L. J. and O'Keeffe, H. M. and Orebi Gann, G. D. and Parnell, M. J. and Paton, J. and Peeters, S. J. M. and Pershing, T. and Pickard, L. and Prior, G. and Reichold, A. and Riccetto, S. and Richardson, R. and Rigan, M. and Rose, J. and Rosero, R. and Rost, P. M. and Rumleskie, J. and Semenec, I. and Shaker, F. and Sharma, M. K. and Singh, K. and Skensved, P. and Smiley, M. and Stringer, M. I. and Svoboda, R. and Tam, B. and Tian, L. and Tseng, J. and Turner, E. and Van Berg, R. and Veinot, J. G. C. and Virtue, C. J. and Vázquez-Jáuregui, E. and Walton, S. C. and Wang, J. and Ward, M. and Weigand, J. J. and Wilson, J. R. and Woosaree, P. and Wright, A. and Yanez, J. P. and Yeh, M. and Zhang, T. and Zhang, Y. and Zuber, K. and Zummo, A. and {The SNO+ Collaboration}},
  date         = {2020-07-10},
  langid       = {english}
}
@article{andringa_current_2016,
  title        = {Current Status and Future Prospects of the {SNO}+ Experiment},
  volume       = {2016},
  rights       = {http://creativecommons.org/licenses/by/4.0/},
  issn         = {1687-7357, 1687-7365},
  url          = {http://www.hindawi.com/journals/ahep/2016/6194250/},
  doi          = {10.1155/2016/6194250},
  pages        = {1--21},
  journaltitle = {Advances in High Energy Physics},
  shortjournal = {Advances in High Energy Physics},
  author       = {Andringa, S. and Arushanova, E. and Asahi, S. and Askins, M. and Auty, D. J. and Back, A. R. and Barnard, Z. and Barros, N. and Beier, E. W. and Bialek, A. and Biller, S. D. and Blucher, E. and Bonventre, R. and Braid, D. and Caden, E. and Callaghan, E. and Caravaca, J. and Carvalho, J. and Cavalli, L. and Chauhan, D. and Chen, M. and Chkvorets, O. and Clark, K. and Cleveland, B. and Coulter, I. T. and Cressy, D. and Dai, X. and Darrach, C. and Davis-Purcell, B. and Deen, R. and Depatie, M. M. and Descamps, F. and Di Lodovico, F. and Duhaime, N. and Duncan, F. and Dunger, J. and Falk, E. and Fatemighomi, N. and Ford, R. and Gorel, P. and Grant, C. and Grullon, S. and Guillian, E. and Hallin, A. L. and Hallman, D. and Hans, S. and Hartnell, J. and Harvey, P. and Hedayatipour, M. and Heintzelman, W. J. and Helmer, R. L. and Hreljac, B. and Hu, J. and Iida, T. and Jackson, C. M. and Jelley, N. A. and Jillings, C. and Jones, C. and Jones, P. G. and Kamdin, K. and Kaptanoglu, T. and Kaspar, J. and Keener, P. and Khaghani, P. and Kippenbrock, L. and Klein, J. R. and Knapik, R. and Kofron, J. N. and Kormos, L. L. and Korte, S. and Kraus, C. and Krauss, C. B. and Labe, K. and Lam, I. and Lan, C. and Land, B. J. and Langrock, S. and {LaTorre}, A. and Lawson, I. and Lefeuvre, G. M. and Leming, E. J. and Lidgard, J. and Liu, X. and Liu, Y. and Lozza, V. and Maguire, S. and Maio, A. and Majumdar, K. and Manecki, S. and Maneira, J. and Marzec, E. and Mastbaum, A. and {McCauley}, N. and {McDonald}, A. B. and {McMillan}, J. E. and Mekarski, P. and Miller, C. and Mohan, Y. and Mony, E. and Mottram, M. J. and Novikov, V. and O’Keeffe, H. M. and O’Sullivan, E. and Orebi Gann, G. D. and Parnell, M. J. and Peeters, S. J. M. and Pershing, T. and Petriw, Z. and Prior, G. and Prouty, J. C. and Quirk, S. and Reichold, A. and Robertson, A. and Rose, J. and Rosero, R. and Rost, P. M. and Rumleskie, J. and Schumaker, M. A. and Schwendener, M. H. and Scislowski, D. and Secrest, J. and Seddighin, M. and Segui, L. and Seibert, S. and Shantz, T. and Shokair, T. M. and Sibley, L. and Sinclair, J. R. and Singh, K. and Skensved, P. and Sörensen, A. and Sonley, T. and Stainforth, R. and Strait, M. and Stringer, M. I. and Svoboda, R. and Tatar, J. and Tian, L. and Tolich, N. and Tseng, J. and Tseung, H. W. C. and Van Berg, R. and Vázquez-Jáuregui, E. and Virtue, C. and Von Krosigk, B. and Walker, J. M. G. and Walker, M. and Wasalski, O. and Waterfield, J. and White, R. F. and Wilson, J. R. and Winchester, T. J. and Wright, A. and Yeh, M. and Zhao, T. and Zuber, K.},
  date         = {2016},
  langid       = {english}
}
