@article{qiu_2008,
  title        = {两岸三地科技术语的翻译与规范——基于计算机术语的个案研究},
  issn         = {1671-6973},
  pages        = {81--85},
  number       = {3},
  journaltitle = {江南大学学报(人文社会科学版)},
  author       = {裘, 禾敏},
  date         = {2008}
}

@book{feng_1997,
  location  = {北京},
  title     = {现代术语学引论},
  publisher = {语文出版社},
  author    = {冯, 志伟},
  date      = {1997},
  langid    = {american}
}

@online{affairs_nodate,
  title    = {國家教育研究院-電機工程學術名詞 ｜ 政府資料開放平臺},
  url      = {https://data.gov.tw/dataset/15418},
  abstract = {電機工程英中對照名詞等資訊。},
  author   = {Affairs, Ministry of Digital}
}

