@article{SNR_1958,
  title     = {Slow Neutron Resonances in $U^235$},
  author    = {Shore, F. J. and Sailor, V. L.},
  journal   = {Phys. Rev.},
  volume    = {112},
  issue     = {1},
  pages     = {191--202},
  numpages  = {0},
  year      = {1958},
  month     = {Oct},
  publisher = {American Physical Society},
  doi       = {10.1103/PhysRev.112.191},
  url       = {https://link.aps.org/doi/10.1103/PhysRev.112.191}
}
@article{SA_1962,
  title     = {Spin Assignments of Low-Energy Resonances Using Polarized Neutrons and Polarized $S m^149$ Nuclei},
  author    = {Marshak, H. and Postma, Hans and Sailor, V. L. and Shore, F. J. and Reynolds, C. A.},
  journal   = {Phys. Rev.},
  volume    = {128},
  issue     = {3},
  pages     = {1287--1296},
  numpages  = {0},
  year      = {1962},
  month     = {Nov},
  publisher = {American Physical Society},
  doi       = {10.1103/PhysRev.128.1287},
  url       = {https://link.aps.org/doi/10.1103/PhysRev.128.1287}
}
@article{SR_1952,
  title     = {Sum Rules in the Dispersion Theory of Nuclear Reactions},
  author    = {Teichmann, T. and Wigner, E. P.},
  journal   = {Phys. Rev.},
  volume    = {87},
  issue     = {1},
  pages     = {123--135},
  numpages  = {0},
  year      = {1952},
  month     = {Jul},
  publisher = {American Physical Society},
  doi       = {10.1103/PhysRev.87.123},
  url       = {https://link.aps.org/doi/10.1103/PhysRev.87.123}
}
@article{HAM_1957,
  title     = {Higher Angular Momenta and Long Range Interaction in Resonance Reactions},
  author    = {Wigner, E. P. and Eisenbud, L.},
  journal   = {Phys. Rev.},
  volume    = {72},
  issue     = {1},
  pages     = {29--41},
  numpages  = {0},
  year      = {1947},
  month     = {Jul},
  publisher = {American Physical Society},
  doi       = {10.1103/PhysRev.72.29},
  url       = {https://link.aps.org/doi/10.1103/PhysRev.72.29}
}
@article{SD_1968,
  title     = {Spin Dependence of the $isotope("U",a:235)$ Low-Energy Neutron Cross Section},
  author    = {Schermer, R. I. and Passell, L. and Brunhart, G. and Reynolds, C. A. and Sailor, L. V. and Shore, F. J.},
  journal   = {Phys. Rev.},
  volume    = {167},
  issue     = {4},
  pages     = {1121--1130},
  numpages  = {0},
  year      = {1968},
  month     = {Mar},
  publisher = {American Physical Society},
  doi       = {10.1103/PhysRev.167.1121},
  url       = {https://link.aps.org/doi/10.1103/PhysRev.167.1121}
}
@article{vogt_resonance_1958,
  title        = {Resonance Theory of Neutron Cross Sections of Fissionable Nuclei},
  volume       = {112},
  rights       = {http://link.aps.org/licenses/aps-default-license},
  issn         = {0031-899X},
  url          = {https://link.aps.org/doi/10.1103/PhysRev.112.203},
  doi          = {10.1103/PhysRev.112.203},
  pages        = {203--214},
  number       = {1},
  journaltitle = {Physical Review},
  shortjournal = {Phys. Rev.},
  author       = {Vogt, Erich},
  date         = {1958-10-01},
  langid       = {english}
}
@article{reddingiust_spins_nodate,
  title    = {Spins of low-energy neutron resonances in 235U},
  abstract = {The spins of 15 resonances in the 23sU slow neutron cross section lying in the neutron energy range between 0.1 and 15 {eV} were determined by measuring the transmission o f polarized monoenergetic neutrons through a target in which the 23sU nuclei were polarized. The magnetic moment of 23{\textasciitilde}U is concluded to be negative.},
  author   = {{REDDINGIUSt}, E R and {POSTMAtt}, {HANS} and {OLSENttt}, C E and Rorer, D C and Sailor, V L},
  langid   = {english}
}
