@misc{blondel_elements_2024,
  title      = {The Elements of Differentiable Programming},
  url        = {http://arxiv.org/abs/2403.14606},
  number     = {{arXiv}:2403.14606},
  publisher  = {{arXiv}},
  author     = {Blondel, Mathieu and Roulet, Vincent},
  date       = {2024-07-24},
  langid     = {english},
  eprinttype = {arxiv},
  eprint     = {2403.14606 [cs]},
  keywords   = {Computer Science - Artificial Intelligence, Computer Science - Machine Learning, Computer Science - Programming Languages}
}
