@article{fengkeli2012,
  title        = {伟大的人和伟大的制度——谈傅高义著《邓小平时代》},
  issn         = {1001-5574},
  abstract     = {邓小平深刻改变了中国,使中国从一个大多数人不得温饱的社会迅速变成了一个大多数人衣食无虞的社会。他为了实现以经济建设为中心的新治国路线,不是给这个体制动大手术,而是给它换脑筋,他在政治上最重要的成就是通过改变考核和任免标准,使中共干部队伍的观念和行为方式面目一新。他平静辞世,国内国外基本上没有政治上的担忧,此事证明了他确实以身作则废除了领导职务终身制,使中国权力层的游戏规则相对而言变得比较稳定,有了更多的可预见性。中国历史上不缺伟人,缺的是"伟大制度"的建设者;所谓"伟大的制度"应当是一种能够长久令人信服的制度。},
  pages        = {3--14},
  number       = {3},
  journaltitle = {当代世界社会主义问题},
  author       = {冯, 克利},
  date         = {2012},
  langid       = {pinyin},
  keywords     = {中共, 中国转型, 傅高义, 改革开放, 邓小平}
}

@article{xiao2023,
  title        = {“稳定压倒一切”观念的形成及其体系化},
  issn         = {1009-5381},
  abstract     = {“稳定压倒一切”是邓小平同志明确提出的政治主张，不过，这一价值观念的体系化是由以江泽民同志为主要代表的中国共产党人所完成的，即从价值选择、功能肯定与实现方式等方面，将其发展成为体系化的政治观念，并形成全面维稳的制度与政策体系。值得注意的是，遵循“秩序至上”原则，将“稳定”“秩序”作为压倒一切价值的优先选项，极易放弃甚至牺牲其他重要价值，还可能将“稳定”概念泛化，致使“维稳”的范围和对象无所不包，并强化“极限维稳”的思维与实践。},
  pages        = {34--41},
  number       = {6},
  journaltitle = {贵州省党校学报},
  author       = {肖, 唐镖},
  date         = {2023},
  langid       = {pinyin},
  keywords     = {维稳理念, 稳定观, 稳定压倒一切, 秩序至上}
}

@article{chenjinlong2014,
  title        = {邓小平与中国改革话语的建构},
  issn         = {1004-5961},
  abstract     = {邓小平是中国改革的总设计师,也是中国改革话语的建构者。邓小平在建构改革话语的过程中,综合运用了马克思主义理论、实践智慧、历史经验和域外经验等多种资源。邓小平改革话语的建构,遵循了以问题为中心、以国情为依据、以事实为支撑、以时代为参照、以包容为策略、以大众化为取向的内在逻辑。邓小平改革话语的建构,推动了中国改革的实际进程,塑造了中国共产党的改革形象,使中国赢得了国际社会的认同,并形成了中国化马克思主义的理论成果。},
  pages        = {8--12},
  number       = {5},
  journaltitle = {马克思主义与现实},
  author       = {陈, 金龙},
  date         = {2014},
  langid       = {pinyin},
  keywords     = {邓小平, 改革话语, 建构}
}

@article{yanjiahua2006,
  title        = {毛泽东、邓小平的行政价值观与当代中国行政发展},
  issn         = {1004-5961},
  abstract     = {人民性是毛泽东与邓小平行政价值观的共同本质。邓小平站在改革开放的时代高度,坚持并发展了毛泽东的政府价值观。毛泽东、邓小平的行政价值观对当代中国行政发展具有十分重要的现实意义。},
  pages        = {186--187},
  number       = {6},
  journaltitle = {马克思主义与现实},
  author       = {颜, 佳华 and 易, 承志},
  date         = {2006},
  langid       = {pinyin},
  keywords     = {邓小平, 毛泽东, 行政发展, 行政价值观}
}

@article{yuhuaming2022,
  title        = {军队全面改革的前奏曲——论邓小平与1975年军队整顿},
  volume       = {43},
  issn         = {1003-8353},
  abstract     = {由邓小平亲自主持的1975年军队整顿，是当时全国各条战线整顿的重点之一。针对“文革”以来军队出现的各种严重问题与混乱现象，重新恢复工作后的邓小平在毛泽东、周恩来和老帅们的支持下，以独有的政治胆略和魄力，对军队进行了大刀阔斧的整顿。邓小平提出了整顿的指导思想以及解决问题的办法和步骤。整个整顿以整治“肿”“散”“骄”“奢”“惰”为重点，积极稳妥地进行，前后持续一年多时间，取得了显著成果。主要表现在：加强了党对军队的绝对领导；军队员额大幅度压缩；军事训练全面恢复；军队形象发生明显变化。整顿过程中，邓小平同“四人帮”的干扰破坏和插手军队的阴谋进行了坚决斗争。军队整顿是邓小平在特殊历史条件下为扭转军队建设方向而采取的重大举措。整顿虽因复杂的历史因素而被迫中止，但对军队建设产生了深远影响，开启了新时期军队全面改革的先河。},
  pages        = {89--99},
  number       = {1},
  journaltitle = {东岳论丛},
  author       = {于, 化民},
  date         = {2022},
  langid       = {pinyin},
  keywords     = {邓小平, 军队整顿}
}

@article{liyin2018,
  title        = {冯克利译《邓小平时代》中的“译者功能”分析},
  issn         = {1004-1133},
  abstract     = {"译者功能"是叙事学对译者"可见度"的一种描述,是译者在译文叙事中的一种话语存在。本文从《邓小平时代》的译者冯克利身上所内化的"译者功能"表现入手,分析了四种典型的"译者功能"叙事建构模式,以期为海外汉学著作翻译中叙事权相关问题的深入讨论,提供一种新的思路和方法。},
  pages        = {39--41},
  number       = {7},
  journaltitle = {南方论刊},
  author       = {李, 颖},
  date         = {2018},
  langid       = {pinyin},
  keywords     = {《邓小平时代》, 叙事建构, 译者, 译者功能}
}

@thesis{tangbangwei2023,
  title       = {美国邓小平研究述评},
  abstract    = {改革开放四十多年以来,中国人民在邓小平理论的指导下,冲破了苏联模式的束缚,求真务实,开拓创新,取得了辉煌的成就,引起了世人的普遍关注。邓小平作为中国改革开放的总设计师,其影响早已超越时代、突破国界;邓小平理论作为党的指导思想之一和马克思主义中国化的重大理论成果,既对中国社会的发展起到了引领作用,又因其深刻的哲理而具有广泛的精神价值,对世界历史进程发挥了重要影响,从而引起了海外学者的极大关注和兴趣。对邓小平个人及邓小平理论的研究在很长一个时期都是国际学术界研究的学术主流。美国作为西方研究中国的代表,对邓小平的研究也是十分全面的。从研究历程来看,由于不同历史时期世情的风云变幻、中美关系的冷热变化、中国社会的不断发展以及学术机制的渐进转向等原因,美国邓小平研究大致经历了缘起、发展、繁荣、回荡等四个阶段;从研究内容来看,美国邓小平研究主要包括对邓小平的个性特征和领导风格、改革开放思想、邓小平与其他中共领导人的比较研究、邓小平理论的价值取向、邓小平的历史功绩和地位评价等重点学术议题;从研究特点来看,美国邓小平研究的可取之处在于其坚持文本研究与实地考察相结合、注重中国传统与世界视野双向推进、善用比较研究法开展多视域多层面研究等,而其研究缺失主要表现为研究成果拘泥于事实描述,缺乏深入的理论思考、意识形态色彩仍然浓厚,难以摆脱政治因素桎梏。通过采用文本分析法、比较研究法、双向互动研究法等研究方法,广泛收集整理海内外邓小平研究的资料,尤其是近年来美国邓小平研究的新资料,力求充分把握美国邓小平研究的阶段性特征及其主体内容,在这一基础之上深入分析其研究特征,厘清美国学者对邓小平研究这一主题的学术观点和重要论题,从而对美国邓小平研究的学术语境、表述方式、研究方法、热点难点等形成更为全面、客观的理解。这一方面有利于促进国内学界回应美国学界对邓小平个人、邓小平理论存在的各式各样误读、误解和误判,推动中美学界的对话交流,构建中国本土化的研究方式和融通中外的学术话语体系;另一方面也有利于更好地系统总结马克思主义中国化的历史经验和基本规律,对邓小平理论的价值取向和邓小平历史地位有更加整体、客观的认识,坚持走中国特色社会主义道路,将邓小平开创的改革开放事业不断推向前进。本文正是基于此的尝试。},
  institution = {中共中央党校},
  type        = {硕士},
  author      = {唐, 榜位},
  date        = {2023},
  langid      = {pinyin},
  keywords    = {邓小平, 邓小平理论, 改革开放, 美国学者}
}

@book{fugaoyi2012,
  location  = {北京},
  title     = {邓小平时代},
  publisher = {生活•读书•新知三联书店},
  author    = {傅, 高义},
  date      = {2013}
}

@article{panhong2015,
  title        = {中国百万大裁军及其历史地位},
  volume       = {22},
  issn         = {1005-4952},
  abstract     = {新中国成立后,人民军队建设的指导思想发生三次重大转交,在"向战"与"向和"的战略判断中,军队进行了10次体制编制调整,不断优化军队结构,其中以1985年百万大裁军最为世人所关注。这是一次在准确战略判断基础上做出的重大决策,是对国家经济建设大局的切实呼应,是对中国特色精兵之路的成功探索,是人民军队走向强军之路的必要准备,是一次致力于触及军事领导体制、聚焦战斗力的军事改革,为军队建设向"能打仗、打胜仗"标准聚焦积累了经验。},
  pages        = {56--64+126--127},
  number       = {5},
  journaltitle = {当代中国史研究},
  author       = {潘, 宏},
  date         = {2015},
  langid       = {pinyin},
  keywords     = {百万大裁军, 邓小平, 精简整编, 军队改革, 历史地位}
}

@article{zhangyuyan2019,
  title        = {理解百年未有之大变局},
  issn         = {1007-0974},
  abstract     = {2018年6月习近平主席对当今全球态势做出一个重要判断,即世界正处于百年未有之大变局。这一判断是笔者分析和把握现阶段纷繁复杂世界、顺应时代潮流、利用好发展机遇并成功应对挑战的出发点。对百年变局的理解可以从大国实力对比变化、科技进步影响深远并伴随众多不确定性、民众权利意识普遍觉醒、人口结构改变、国际货币体系演化、多边体系瓦解与重建、美国内部制度颓势显露和中美博弈加剧等八个维度进行。在百年变局背景下,还应特别关注那些没有发生明显变化的因素。正是这些"变"与"未变",构成了中国未来发展的国际大环境。},
  pages        = {9--19+4},
  number       = {5},
  journaltitle = {国际经济评论},
  author       = {张, 宇燕},
  date         = {2019},
  langid       = {pinyin},
  keywords     = {百年变局, 大国博弈, 实力对比}
}

@thesis{wangjun2015,
  title       = {傅高义《邓小平时代》研究},
  abstract    = {《邓小平时代》是美国学者傅高义历时十年对中国领导人邓小平及中国改革开放历程研究的重要理论成果。书中傅高义通过大量研究表达了自己对邓小平的钦佩和对中国今日取得改革开放伟大成绩的赞叹。十八大后,党中央提出全面深化改革的战略任务。面对改革开放新形势,国内理论界发表了大量关于改革开放的研究成果,与此同时国外学者研究中国的改革开放就具有了世界意义。傅高义通过他所理解的邓小平和他的时代来为世界了解中国的改革开放做出重大贡献,该书史料丰富、观点鲜明、方法独特,有着很大的研究价值。本文的第一章绪论。主要对选题缘起与研究意义、国内外对《邓小平时代》的研究现状作简要介绍。该书自出版以来,引起社会的高度关注,获得国内外广泛好评。第二章傅高义学术著作及其贡献。傅高义是哈佛大学费正清中心前主任,精通汉语和日语,有着哈佛大学“中国先生”的荣誉称号。他尽量客观地描写邓小平,对其的研究有助于研究《邓小平时代》的思想轨迹。其次,本章中介绍了傅高义有关中国的三本著作,其中《与中国共存：21世纪的美中关系》影响颇深。第三章《邓小平时代》的贡献与局限。通过与国内外著作的比较,总结出此作品的主要贡献。一是傅高义客观地描述了邓小平的人生经历,做到了“实事求是”。二是傅高义侧重描述了中国1978年后的改革开放历程。这让读者了解了中国如何对内进行的改革和对外实行的开放,也能够为世人理解中国特色社会主义道路形成找到答案。三是傅高义提出今日中国处于转型期所面对的挑战。有机遇定会有挑战相伴,经济的发展必然带来环境污染等问题,面对问题和挑战我们应沉着应对积极解决。四是总结出该著所存在的局限性。此书是国外学者的研究成果,当然在一些史实的把握中并不是十分明确和清楚。第四章《邓小平时代》主要特色。从时间和空间的角度讲,傅高义的研究视野开阔。从邓小平出生到1992南方谈话,研究跨度近一个世纪。涉及了经济、政治、文化、军事、外交等方面的内容。从思想理论角度讲,傅高义提出了若干独特的理论观点。最鲜明的是他认为邓小平不是“变革的设计师”而是“全面领导的总经理”。这样更为读者树立了邓小平是一位实干家的形象。从研究方法角度讲,可谓是多种多样。著作中通过不同角度不同侧面进行比较研究,人物的比较和国家之间的比较。还有傅高义不畏辛苦实地采访与邓小平相关的人,运用口述历史和实地考察的方法写就此书。文章最后部分是通过研究傅高义及《邓小平时代》对我们国内研究...},
  institution = {陕西师范大学},
  type        = {硕士},
  author      = {王, 君},
  date        = {2015},
  langid      = {pinyin},
  keywords    = {《邓小平时代》, 邓小平, 傅高义}
}

@article{wangaiyun2013,
  title        = {西方研究方法和研究视角的典型运用——浅评傅高义《邓小平时代》},
  issn         = {1008-1798},
  abstract     = {{\textless}正{\textgreater}美国哈佛大学傅高义教授倾十年心力完成的《邓小平时代》一书,既是关于邓小平研究又是关于改革开放时期党史、国史研究的一本大部头著作。该书于2011[1]、2012和2013年在美国和中国两岸三},
  pages        = {44--47},
  number       = {4},
  journaltitle = {北京党史},
  author       = {王, 爱云},
  date         = {2013},
  langid       = {pinyin},
  keywords     = {“文化大革命”, 《邓小平时代》, 保守派, 比较史学方法, 卡特政府, 口述史料, 毛泽东时代, 派系斗争, 派系政治, 史学研究方法, 天安门事件, 以阶级斗争为纲, 正统派}
}

@article{zhangbaijia2013,
  title        = {一部为公众而写的学术著作——读《邓小平时代》有感},
  issn         = {1003-3815},
  abstract     = {{\textless}正{\textgreater}今年年初,傅高义(Ezra F.Vogel)教授的大作《邓小平时代》由三联书店出版了。这部书的英文原著是2011年出版的,去年香港大学出了中文繁体字版,现在又有了简体字版。短短不到半年,该书在大陆的销量已远超50万册,其受欢迎的程度不言而喻。掩卷之后,我感到这部书是典型的为公众而写的学术著作,其大获成功的原因不仅在于主选题和内容,还},
  pages        = {120--124},
  number       = {8},
  journaltitle = {中共党史研究},
  author       = {章, 百家},
  date         = {2013},
  langid       = {pinyin},
  keywords     = {“文化大革命”, 《邓小平时代》, 改革开放史, 华国锋, 理论务虚会, 人物传记, 十一届三中全会, 学术著作, 政治风波, 中国改革开放}
}

@article{wangaiyun2013-2,
  title        = {傅高义眼中的“邓小平时代”},
  issn         = {0583-0176},
  abstract     = {{\textless}正{\textgreater}美国哈佛大学费正清东亚中心前主任、社会学家傅高义(Ezra Feivel Vogel),对中国、日本、韩国等亚洲国家都有深入的研究,他参与编著的有关亚洲研究的学术著作达23本。他关于中国问题研究的第一部著作《共产主义下的广州:一个省会的规划与政治(1949～1968)》(1969年出版)被费正清誉为"社会学家们如何从外部世界研究共产主义中国的杰出范例"},
  pages        = {60--61},
  number       = {11},
  journaltitle = {世界知识},
  author       = {王, 爱云},
  date         = {2013},
  langid       = {pinyin},
  keywords     = {“文化大革命”, 比较史学方法, 比较研究, 口述史料, 毛泽东时代, 派系斗争, 社会学家, 社会主义, 以阶级斗争为纲}
}
