@article{fukuda_super-kamiokande_2003,
  title        = {The Super-Kamiokande detector},
  volume       = {501},
  issn         = {0168-9002},
  url          = {https://www.sciencedirect.com/science/article/pii/S016890020300425X},
  doi          = {10.1016/S0168-9002(03)00425-X},
  abstract     = {Super-Kamiokande is the world's largest water Cherenkov detector, with net mass 50,000 tons. During the period April, 1996 to July, 2001, Super-Kamiokande I collected 1678 live-days of data, observing neutrinos from the Sun, Earth's atmosphere, and the K2K long-baseline neutrino beam with high efficiency. These data provided crucial information for our current understanding of neutrino oscillations, as well as setting stringent limits on nucleon decay. In this paper, we describe the detector in detail, including its site, configuration, data acquisition equipment, online and offline software, and calibration systems which were used during Super-Kamiokande I.},
  pages        = {418--462},
  number       = {2},
  journaltitle = {Nuclear Instruments and Methods in Physics Research Section A: Accelerators, Spectrometers, Detectors and Associated Equipment},
  shortjournal = {Nuclear Instruments and Methods in Physics Research Section A: Accelerators, Spectrometers, Detectors and Associated Equipment},
  author       = {Fukuda, S. and Fukuda, Y. and Hayakawa, T. and Ichihara, E. and Ishitsuka, M. and Itow, Y. and Kajita, T. and Kameda, J. and Kaneyuki, K. and Kasuga, S. and Kobayashi, K. and Kobayashi, Y. and Koshio, Y. and Miura, M. and Moriyama, S. and Nakahata, M. and Nakayama, S. and Namba, T. and Obayashi, Y. and Okada, A. and Oketa, M. and Okumura, K. and Oyabu, T. and Sakurai, N. and Shiozawa, M. and Suzuki, Y. and Takeuchi, Y. and Toshito, T. and Totsuka, Y. and Yamada, S. and Desai, S. and Earl, M. and Hong, J. T. and Kearns, E. and Masuzawa, M. and Messier, M. D. and Stone, J. L. and Sulak, L. R. and Walter, C. W. and Wang, W. and Scholberg, K. and Barszczak, T. and Casper, D. and Liu, D. W. and Gajewski, W. and Halverson, P. G. and Hsu, J. and Kropp, W. R. and Mine, S. and Price, L. R. and Reines, F. and Smy, M. and Sobel, H. W. and Vagins, M. R. and Ganezer, K. S. and Keig, W. E. and Ellsworth, R. W. and Tasaka, S. and Flanagan, J. W. and Kibayashi, A. and Learned, J. G. and Matsuno, S. and Stenger, V. J. and Hayato, Y. and Ishii, T. and Ichikawa, A. and Kanzaki, J. and Kobayashi, T. and Maruyama, T. and Nakamura, K. and Oyama, Y. and Sakai, A. and Sakuda, M. and Sasaki, O. and Echigo, S. and Iwashita, T. and Kohama, M. and Suzuki, A. T. and Hasegawa, M. and Inagaki, T. and Kato, I. and Maesaka, H. and Nakaya, T. and Nishikawa, K. and Yamamoto, S. and Haines, T. J. and Kim, B. K. and Sanford, R. and Svoboda, R. and Blaufuss, E. and Chen, M. L. and Conner, Z. and Goodman, J. A. and Guillian, E. and Sullivan, G. W. and Turcan, D. and Habig, A. and Ackerman, M. and Goebel, F. and Hill, J. and Jung, C. K. and Kato, T. and Kerr, D. and Malek, M. and Martens, K. and Mauger, C. and {McGrew}, C. and Sharkey, E. and Viren, B. and Yanagisawa, C. and Doki, W. and Inaba, S. and Ito, K. and Kirisawa, M. and Kitaguchi, M. and Mitsuda, C. and Miyano, K. and Saji, C. and Takahata, M. and Takahashi, M. and Higuchi, K. and Kajiyama, Y. and Kusano, A. and Nagashima, Y. and Nitta, K. and Takita, M. and Yamaguchi, T. and Yoshida, M. and Kim, H. I. and Kim, S. B. and Yoo, J. and Okazawa, H. and Etoh, M. and Fujita, K. and Gando, Y. and Hasegawa, A. and Hasegawa, T. and Hatakeyama, S. and Inoue, K. and Ishihara, K. and Iwamoto, T. and Koga, M. and Nishiyama, I. and Ogawa, H. and Shirai, J. and Suzuki, A. and Takayama, T. and Tsushima, F. and Koshiba, M. and Ichikawa, Y. and Hashimoto, T. and Hatakeyama, Y. and Koike, M. and Horiuchi, T. and Nemoto, M. and Nishijima, K. and Takeda, H. and Fujiyasu, H. and Futagami, T. and Ishino, H. and Kanaya, Y. and Morii, M. and Nishihama, H. and Nishimura, H. and Suzuki, T. and Watanabe, Y. and Kielczewska, D. and Golebiewska, U. and Berns, H. G. and Boyd, S. B. and Doyle, R. A. and George, J. S. and Stachyra, A. L. and Wai, L. L. and Wilkes, R. J. and Young, K. K. and Kobayashi, H.},
  urldate      = {2024-09-23},
  date         = {2003-04-01},
  langid       = {american},
  keywords     = {Cosmic rays, K2K, Neutrinos, Super-Kamiokande, Water Cherenkov detector}
}
@article{abe_calibration_2014,
  title        = {Calibration of the Super-Kamiokande detector},
  volume       = {737},
  issn         = {0168-9002},
  url          = {https://www.sciencedirect.com/science/article/pii/S016890021301646X},
  doi          = {10.1016/j.nima.2013.11.081},
  abstract     = {Procedures and results on hardware-level detector calibration in Super-Kamiokande ({SK}) are presented in this paper. In particular, we report improvements made in our calibration methods for the experimental phase {IV} in which new readout electronics have been operating since 2008. The topics are separated into two parts. The first part describes the determination of constants needed to interpret the digitized output of our electronics so that we can obtain physical numbers such as photon counts and their arrival times for each photomultiplier tube ({PMT}). In this context, we developed an in situ procedure to determine high-voltage settings for {PMTs} in large detectors like {SK}, as well as a new method for measuring {PMT} quantum efficiency and gain in such a detector. The second part describes modeling of the detector in Monte Carlo simulations, including, in particular, the optical properties of the water target and their variability over time. Detailed studies on water quality are also presented. As a result of this work, we have achieved a precision sufficient for physics analyses over a wide energy range (from a few {MeV} to above 1TeV). For example, charge determination was at the level of 1\%, and the timing resolution was 2.1ns at the one-photoelectron charge level and 0.5ns at the 100-photoelectron charge level.},
  pages        = {253--272},
  journaltitle = {Nuclear Instruments and Methods in Physics Research Section A: Accelerators, Spectrometers, Detectors and Associated Equipment},
  author       = {Abe, K. and Hayato, Y. and Iida, T. and Iyogi, K. and Kameda, J. and Kishimoto, Y. and Koshio, Y. and Marti, Ll. and Miura, M. and Moriyama, S. and Nakahata, M. and Nakano, Y. and Nakayama, S. and Obayashi, Y. and Sekiya, H. and Shiozawa, M. and Suzuki, Y. and Takeda, A. and Takenaga, Y. and Tanaka, H. and Tomura, T. and Ueno, K. and Wendell, R. A. and Yokozawa, T. and Irvine, T. J. and Kaji, H. and Kajita, T. and Kaneyuki, K. and Lee, K. P. and Nishimura, Y. and Okumura, K. and {McLachlan}, T. and Labarga, L. and Kearns, E. and Raaf, J. L. and Stone, J. L. and Sulak, L. R. and Berkman, S. and Tanaka, H. A. and Tobayama, S. and Goldhaber, M. and Bays, K. and Carminati, G. and Kropp, W. R. and Mine, S. and Renshaw, A. and Smy, M. B. and Sobel, H. W. and Ganezer, K. S. and Hill, J. and Keig, W. E. and Jang, J. S. and Kim, J. Y. and Lim, I. T. and Hong, N. and Akiri, T. and Albert, J. B. and Himmel, A. and Scholberg, K. and Walter, C. W. and Wongjirad, T. and Ishizuka, T. and Tasaka, S. and Learned, J. G. and Matsuno, S. and Smith, S. N. and Hasegawa, T. and Ishida, T. and Ishii, T. and Kobayashi, T. and Nakadaira, T. and Nakamura, K. and Nishikawa, K. and Oyama, Y. and Sakashita, K. and Sekiguchi, T. and Tsukamoto, T. and Suzuki, A. T. and Takeuchi, Y. and Huang, K. and Ieki, K. and Ikeda, M. and Kikawa, T. and Kubo, H. and Minamino, A. and Murakami, A. and Nakaya, T. and Otani, M. and Suzuki, K. and Takahashi, S. and Fukuda, Y. and Choi, K. and Itow, Y. and Mitsuka, G. and Miyake, M. and Mijakowski, P. and Tacik, R. and Hignight, J. and Imber, J. and Jung, C. K. and Taylor, I. and Yanagisawa, C. and Idehara, Y. and Ishino, H. and Kibayashi, A. and Mori, T. and Sakuda, M. and Yamaguchi, R. and Yano, T. and Kuno, Y. and Kim, S. B. and Yang, B. S. and Okazawa, H. and Choi, Y. and Nishijima, K. and Koshiba, M. and Totsuka, Y. and Yokoyama, M. and Martens, K. and Vagins, M. R. and Martin, J. F. and de Perio, P. and Konaka, A. and Wilking, M. J. and Chen, S. and Heng, Y. and Sui, H. and Yang, Z. and Zhang, H. and Zhenwei, Y. and Connolly, K. and Dziomba, M. and Wilkes, R. J.},
  urldate      = {2024-09-21},
  date         = {2014-02-11},
  langid       = {american},
  keywords     = {Cosmic rays, Detector calibration, Neutrino detector, Super-Kamioknade, Water Cherenkov detector}
}
@article{fukuda_evidence_1998,
  title        = {Evidence for Oscillation of Atmospheric Neutrinos},
  volume       = {81},
  rights       = {http://link.aps.org/licenses/aps-default-license},
  issn         = {0031-9007, 1079-7114},
  url          = {https://link.aps.org/doi/10.1103/PhysRevLett.81.1562},
  doi          = {10.1103/PhysRevLett.81.1562},
  pages        = {1562--1567},
  number       = {8},
  journaltitle = {Physical Review Letters},
  shortjournal = {Phys. Rev. Lett.},
  author       = {Fukuda, Y. and Hayakawa, T. and Ichihara, E. and Inoue, K. and Ishihara, K. and Ishino, H. and Itow, Y. and Kajita, T. and Kameda, J. and Kasuga, S. and Kobayashi, K. and Kobayashi, Y. and Koshio, Y. and Miura, M. and Nakahata, M. and Nakayama, S. and Okada, A. and Okumura, K. and Sakurai, N. and Shiozawa, M. and Suzuki, Y. and Takeuchi, Y. and Totsuka, Y. and Yamada, S. and Earl, M. and Habig, A. and Kearns, E. and Messier, M. D. and Scholberg, K. and Stone, J. L. and Sulak, L. R. and Walter, C. W. and Goldhaber, M. and Barszczxak, T. and Casper, D. and Gajewski, W. and Halverson, P. G. and Hsu, J. and Kropp, W. R. and Price, L. R. and Reines, F. and Smy, M. and Sobel, H. W. and Vagins, M. R. and Ganezer, K. S. and Keig, W. E. and Ellsworth, R. W. and Tasaka, S. and Flanagan, J. W. and Kibayashi, A. and Learned, J. G. and Matsuno, S. and Stenger, V. J. and Takemori, D. and Ishii, T. and Kanzaki, J. and Kobayashi, T. and Mine, S. and Nakamura, K. and Nishikawa, K. and Oyama, Y. and Sakai, A. and Sakuda, M. and Sasaki, O. and Echigo, S. and Kohama, M. and Suzuki, A. T. and Haines, T. J. and Blaufuss, E. and Kim, B. K. and Sanford, R. and Svoboda, R. and Chen, M. L. and Conner, Z. and Goodman, J. A. and Sullivan, G. W. and Hill, J. and Jung, C. K. and Martens, K. and Mauger, C. and {McGrew}, C. and Sharkey, E. and Viren, B. and Yanagisawa, C. and Doki, W. and Miyano, K. and Okazawa, H. and Saji, C. and Takahata, M. and Nagashima, Y. and Takita, M. and Yamaguchi, T. and Yoshida, M. and Kim, S. B. and Etoh, M. and Fujita, K. and Hasegawa, A. and Hasegawa, T. and Hatakeyama, S. and Iwamoto, T. and Koga, M. and Maruyama, T. and Ogawa, H. and Shirai, J. and Suzuki, A. and Tsushima, F. and Koshiba, M. and Nemoto, M. and Nishijima, K. and Futagami, T. and Hayato, Y. and Kanaya, Y. and Kaneyuki, K. and Watanabe, Y. and Kielczewska, D. and Doyle, R. A. and George, J. S. and Stachyra, A. L. and Wai, L. L. and Wilkes, R. J. and Young, K. K.},
  urldate      = {2024-09-23},
  date         = {1998-08-24},
  langid       = {english}
}

@article{fukuda_determination_2002,
  title        = {Determination of solar neutrino oscillation parameters using 1496 days of Super-Kamiokande I data},
  volume       = {539},
  doi          = {10.1016/S0370-2693(02)02090-7},
  pages        = {179--187},
  journaltitle = {Phys. Lett. B},
  author       = {Fukuda, S. and {others}},
  date         = {2002},
  langid       = {american},
  note         = {\_eprint: hep-ex/0205075},
  keywords     = {experimental results, {KAMIOKANDE}, model: solar, Neutrino, neutrino: mixing angle, neutrino: oscillation, neutrino: solar, neutrino/e: flux, Solar neutrino, Super-Kamiokande}
}
@article{fukuda_measurements_1998,
  title        = {Measurements of the solar neutrino flux from Super-Kamiokande's first 300 days},
  volume       = {81},
  doi          = {10.1103/PhysRevLett.81.1158},
  pages        = {1158--1162},
  journaltitle = {Phys. Rev. Lett.},
  author       = {Fukuda, Y. and {others}},
  date         = {1998},
  note         = {\_eprint: hep-ex/9805021},
  keywords     = {Cherenkov counter: water, experimental results, flux: time dependence, {KAMIOKANDE}, neutrino electron: elastic scattering, neutrino: flux, neutrino: solar}
}
@article{maltoni_solar_2016,
  title        = {Solar neutrinos and neutrino physics},
  volume       = {52},
  issn         = {1434-601X},
  url          = {https://doi.org/10.1140/epja/i2016-16087-0},
  doi          = {10.1140/epja/i2016-16087-0},
  abstract     = {Solar neutrino studies triggered and largely motivated the major developments in neutrino physics in the last 50 years. The theory of neutrino propagation in different media with matter and fields has been elaborated. It includes oscillations in vacuum and matter, resonance flavor conversion and resonance oscillations, spin and spin-flavor precession, etc. {LMA} {MSW} has been established as the true solution of the solar neutrino problem. Parameters \${\textbackslash}theta\_\{12\}\$and \$ {\textbackslash}Delta\$m221 have been measured; \$ {\textbackslash}theta\_\{13\}\$extracted from the solar data is in agreement with results from reactor experiments. Solar neutrino studies provide a sensitive way to test theory of neutrino oscillations and conversion. Characterized by long baseline, huge fluxes and low energies they are a powerful set-up to search for new physics beyond the standard 3\$ {\textbackslash}nu\$paradigm: new neutrino states, sterile neutrinos, non-standard neutrino interactions, effects of violation of fundamental symmetries, new dynamics of neutrino propagation, probes of space and time. These searches allow us to get stringent, and in some cases unique bounds on new physics. We summarize the results on physics of propagation, neutrino properties and physics beyond the standard model obtained from studies of solar neutrinos.},
  pages        = {87},
  number       = {4},
  journaltitle = {The European Physical Journal A},
  shortjournal = {Eur. Phys. J. A},
  author       = {Maltoni, Michele and Yu. Smirnov, Alexei},
  urldate      = {2024-09-21},
  date         = {2016-04-18},
  langid       = {english},
  keywords     = {Mass Splitting, Matter Potential, Neutrino Oscillation, Solar Neutrino, Sterile Neutrino},
  file         = {Full Text PDF:/srv/zotero/storage/K68B8YJM/Maltoni und Yu. Smirnov - 2016 - Solar neutrinos and neutrino physics.pdf:application/pdf}
}
@book{giunti_fundamentals_2007,
  location  = {Oxford},
  title     = {Fundamentals of neutrino physics and astrophysics},
  isbn      = {978-0-19-850871-7},
  publisher = {Oxford university press},
  author    = {Giunti, Carlo and Kim, Chung-Wook},
  date      = {2007},
  langid    = {english}
}
@article{an_observation_2012,
  title        = {Observation of Electron-Antineutrino Disappearance at Daya Bay},
  volume       = {108},
  url          = {https://link.aps.org/doi/10.1103/PhysRevLett.108.171803},
  doi          = {10.1103/PhysRevLett.108.171803},
  pages        = {171803},
  number       = {17},
  journaltitle = {Physical Review Letters},
  shortjournal = {Phys. Rev. Lett.},
  author       = {An, F. P. and Bai, J. Z. and Balantekin, A. B. and Band, H. R. and Beavis, D. and Beriguete, W. and Bishai, M. and Blyth, S. and Boddy, K. and Brown, R. L. and Cai, B. and Cao, G. F. and Cao, J. and Carr, R. and Chan, W. T. and Chang, J. F. and Chang, Y. and Chasman, C. and Chen, H. S. and Chen, H. Y. and Chen, S. J. and Chen, S. M. and Chen, X. C. and Chen, X. H. and Chen, X. S. and Chen, Y. and Chen, Y. X. and Cherwinka, J. J. and Chu, M. C. and Cummings, J. P. and Deng, Z. Y. and Ding, Y. Y. and Diwan, M. V. and Dong, L. and Draeger, E. and Du, X. F. and Dwyer, D. A. and Edwards, W. R. and Ely, S. R. and Fang, S. D. and Fu, J. Y. and Fu, Z. W. and Ge, L. Q. and Ghazikhanian, V. and Gill, R. L. and Goett, J. and Gonchar, M. and Gong, G. H. and Gong, H. and Gornushkin, Y. A. and Greenler, L. S. and Gu, W. Q. and Guan, M. Y. and Guo, X. H. and Hackenburg, R. W. and Hahn, R. L. and Hans, S. and He, M. and He, Q. and He, W. S. and Heeger, K. M. and Heng, Y. K. and Hinrichs, P. and Ho, T. H. and Hor, Y. K. and Hsiung, Y. B. and Hu, B. Z. and Hu, T. and Hu, T. and Huang, H. X. and Huang, H. Z. and Huang, P. W. and Huang, X. and Huang, X. T. and Huber, P. and Isvan, Z. and Jaffe, D. E. and Jetter, S. and Ji, X. L. and Ji, X. P. and Jiang, H. J. and Jiang, W. Q. and Jiao, J. B. and Johnson, R. A. and Kang, L. and Kettell, S. H. and Kramer, M. and Kwan, K. K. and Kwok, M. W. and Kwok, T. and Lai, C. Y. and Lai, W. C. and Lai, W. H. and Lau, K. and Lebanowski, L. and Lee, J. and Lee, M. K. P. and Leitner, R. and Leung, J. K. C. and Leung, K. Y. and Lewis, C. A. and Li, B. and Li, F. and Li, G. S. and Li, J. and Li, Q. J. and Li, S. F. and Li, W. D. and Li, X. B. and Li, X. N. and Li, X. Q. and Li, Y. and Li, Z. B. and Liang, H. and Liang, J. and Lin, C. J. and Lin, G. L. and Lin, S. K. and Lin, S. X. and Lin, Y. C. and Ling, J. J. and Link, J. M. and Littenberg, L. and Littlejohn, B. R. and Liu, B. J. and Liu, C. and Liu, D. W. and Liu, H. and Liu, J. C. and Liu, J. L. and Liu, S. and Liu, X. and Liu, Y. B. and Lu, C. and Lu, H. Q. and Luk, A. and Luk, K. B. and Luo, T. and Luo, X. L. and Ma, L. H. and Ma, Q. M. and Ma, X. B. and Ma, X. Y. and Ma, Y. Q. and Mayes, B. and {McDonald}, K. T. and {McFarlane}, M. C. and {McKeown}, R. D. and Meng, Y. and Mohapatra, D. and Morgan, J. E. and Nakajima, Y. and Napolitano, J. and Naumov, D. and Nemchenok, I. and Newsom, C. and Ngai, H. Y. and Ngai, W. K. and Nie, Y. B. and Ning, Z. and Ochoa-Ricoux, J. P. and Oh, D. and Olshevski, A. and Pagac, A. and Patton, S. and Pearson, C. and Pec, V. and Peng, J. C. and Piilonen, L. E. and Pinsky, L. and Pun, C. S. J. and Qi, F. Z. and Qi, M. and Qian, X. and Raper, N. and Rosero, R. and Roskovec, B. and Ruan, X. C. and Seilhan, B. and Shao, B. B. and Shih, K. and Steiner, H. and Stoler, P. and Sun, G. X. and Sun, J. L. and Tam, Y. H. and Tanaka, H. K. and Tang, X. and Themann, H. and Torun, Y. and Trentalange, S. and Tsai, O. and Tsang, K. V. and Tsang, R. H. M. and Tull, C. and Viren, B. and Virostek, S. and Vorobel, V. and Wang, C. H. and Wang, L. S. and Wang, L. Y. and Wang, L. Z. and Wang, M. and Wang, N. Y. and Wang, R. G. and Wang, T. and Wang, W. and Wang, X. and Wang, X. and Wang, Y. F. and Wang, Z. and Wang, Z. and Wang, Z. M. and Webber, D. M. and Wei, Y. D. and Wen, L. J. and Wenman, D. L. and Whisnant, K. and White, C. G. and Whitehead, L. and Whitten, C. A. and Wilhelmi, J. and Wise, T. and Wong, H. C. and Wong, H. L. H. and Wong, J. and Worcester, E. T. and Wu, F. F. and Wu, Q. and Xia, D. M. and Xiang, S. T. and Xiao, Q. and Xing, Z. Z. and Xu, G. and Xu, J. and Xu, J. and Xu, J. L. and Xu, W. and Xu, Y. and Xue, T. and Yang, C. G. and Yang, L. and Ye, M. and Yeh, M. and Yeh, Y. S. and Yip, K. and Young, B. L. and Yu, Z. Y. and Zhan, L. and Zhang, C. and Zhang, F. H. and Zhang, J. W. and Zhang, Q. M. and Zhang, K. and Zhang, Q. X. and Zhang, S. H. and Zhang, Y. C. and Zhang, Y. H. and Zhang, Y. X. and Zhang, Z. J. and Zhang, Z. P. and Zhang, Z. Y. and Zhao, J. and Zhao, Q. W. and Zhao, Y. B. and Zheng, L. and Zhong, W. L. and Zhou, L. and Zhou, Z. Y. and Zhuang, H. L. and Zou, J. H.},
  urldate      = {2024-09-28},
  date         = {2012-04-23},
  langid       = {american},
  note         = {Publisher: American Physical Society}
}
@article{watanabe_first_2009,
  title        = {First study of neutron tagging with a water Cherenkov detector},
  volume       = {31},
  rights       = {https://www.elsevier.com/tdm/userlicense/1.0/},
  issn         = {09276505},
  url          = {https://linkinghub.elsevier.com/retrieve/pii/S0927650509000401},
  doi          = {10.1016/j.astropartphys.2009.03.002},
  pages        = {320--328},
  number       = {4},
  journaltitle = {Astroparticle Physics},
  shortjournal = {Astroparticle Physics},
  author       = {Watanabe, H. and Zhang, H. and Abe, K. and Hayato, Y. and Iida, T. and Ikeda, M. and Kameda, J. and Kobayashi, K. and Koshio, Y. and Miura, M. and Moriyama, S. and Nakahata, M. and Nakayama, S. and Obayashi, Y. and Ogawa, H. and Sekiya, H. and Shiozawa, M. and Suzuki, Y. and Takeda, A. and Takenaga, Y. and Takeuchi, Y. and Ueno, K. and Ueshima, K. and Yamada, S. and Hazama, S. and Higuchi, I. and Ishihara, C. and Kajita, T. and Kaneyuki, K. and Mitsuka, G. and Nishino, H. and Okumura, K. and Tanimoto, N. and Clark, S. and Desai, S. and Dufour, F. and Kearns, E. and Likhoded, S. and Litos, M. and Raaf, J. and Stone, J.L. and Sulak, L.R. and Wang, W. and Goldhaber, M. and Bays, K. and Casper, D. and Cravens, J.P. and Dunmore, J. and Griskevich, J. and Kropp, W.R. and Liu, D.W. and Mine, S. and Regis, C. and Smy, M.B. and Sobel, H.W. and Ganezer, K.S. and Hill, J. and Keig, W.E. and Jang, J.S. and Jeong, I.S. and Kim, J.Y. and Lim, I.T. and Fechner, M. and Scholberg, K. and Walter, C.W. and Wendel, R. and Tasaka, S. and Guillian, G. and Learned, J.G. and Matsuno, S. and Messier, M.D. and Watanabe, Y. and Hasegawa, T. and Ishida, T. and Ishii, T. and Kobayashi, T. and Nakadaira, T. and Nakamura, K. and Nishikawa, K. and Oyama, Y. and Sakashita, K. and Sekiguchi, T. and Tsukamoto, T. and Suzuki, A.T. and Ichikawa, A.K. and Minamino, A. and Nakaya, T. and Yokoyama, M. and Haines, T.J. and Dazeley, S. and Svoboda, R. and Gran, R. and Habig, A. and Fukuda, Y. and Itow, Y. and Tanaka, T. and Jung, C.K. and {McGrew}, C. and Sarrat, A. and Terri, R. and Yanagisawa, C. and Tamura, N. and Idehara, Y. and Ishino, H. and Kibayashi, A. and Sakuda, M. and Kuno, Y. and Yoshida, M. and Kim, S.B. and Yang, B.S. and Ishizuka, T. and Okazawa, H. and Choi, Y. and Seo, H.K. and Furuse, Y. and Nishijima, K. and Yokosawa, Y. and Koshiba, M. and Totsuka, Y. and Vagins, M.R. and Chen, S. and Deng, Z. and Gong, G. and Liu, Y. and Xue, T. and Kielczewska, D. and Berns, H.G. and Shiraishi, K.K. and Thrane, E. and Wilkes, R.J.},
  urldate      = {2024-09-29},
  date         = {2009-05},
  langid       = {english}
}
@article{pietropaolo_neutron_2020,
  title        = {Neutron detection techniques from μ {eV} to {GeV}},
  volume       = {875},
  issn         = {03701573},
  url          = {https://linkinghub.elsevier.com/retrieve/pii/S0370157320302490},
  doi          = {10.1016/j.physrep.2020.06.003},
  pages        = {1--65},
  journaltitle = {Physics Reports},
  shortjournal = {Physics Reports},
  author       = {Pietropaolo, A. and Angelone, M. and Bedogni, R. and Colonna, N. and Hurd, A.J. and Khaplanov, A. and Murtas, F. and Pillon, M. and Piscitelli, F. and Schooneveld, E.M. and Zeitelhack, K.},
  urldate      = {2024-09-29},
  date         = {2020-09},
  langid       = {english}
}
