@article{stephens_neutron-hydrogen_1947,
  title        = {The Neutron-Hydrogen Mass Difference and the Neutron Mass},
  volume       = {19},
  rights       = {http://link.aps.org/licenses/aps-default-license},
  issn         = {0034-6861},
  url          = {https://link.aps.org/doi/10.1103/RevModPhys.19.19},
  doi          = {10.1103/RevModPhys.19.19},
  pages        = {19--24},
  number       = {1},
  journaltitle = {Reviews of Modern Physics},
  shortjournal = {Rev. Mod. Phys.},
  author       = {Stephens, W. E.},
  urldate      = {2024-09-19},
  date         = {1947-01-01},
  langid       = {english},
  file         = {RevModPhys.19.19:/srv/zotero/storage/LAKBBS98/RevModPhys.19.19.pdf:application/pdf}
}

@article{kessler_deuteron_1999,
  title        = {The deuteron binding energy and the neutron mass},
  volume       = {255},
  issn         = {0375-9601},
  url          = {https://www.sciencedirect.com/science/article/pii/S037596019900078X},
  doi          = {10.1016/S0375-9601(99)00078-X},
  abstract     = {A new value for the deuteron binding energy of S(d)=2.38817007(42)×10−3 u is reported based on an absolute wavelength determination of the 2.2 {MeV} n–p capture gamma-ray using a crystal diffraction spectrometer. A new more precise value for the neutron mass mn=1.00866491637(82) u is obtained by summing this binding energy and the 2H−1H mass difference.},
  pages        = {221--229},
  number       = {4},
  journaltitle = {Physics Letters A},
  shortjournal = {Physics Letters A},
  author       = {Kessler, E. G., Jr and Dewey, M. S. and Deslattes, R. D. and Henins, A. and Börner, H. G. and Jentschel, M. and Doll, C. and Lehmann, H.},
  urldate      = {2024-09-17},
  date         = {1999-05-17},
  langid       = {american},
  file         = {ScienceDirect Full Text PDF:/srv/zotero/storage/C9I92YGI/Kessler et al. - 1999 - The deuteron binding energy and the neutron mass.pdf:application/pdf;ScienceDirect Snapshot:/srv/zotero/storage/FL7PBQQG/S037596019900078X.html:text/html}
}
