@article{duane_hybrid_1987,
  title        = {Hybrid Monte Carlo},
  volume       = {195},
  issn         = {0370-2693},
  doi          = {10.1016/0370-2693(87)91197-X},
  pages        = {216--222},
  number       = {2},
  journaltitle = {Physics Letters B},
  author       = {Duane, Simon and Kennedy, A. D. and Pendleton, Brian J. and Roweth, Duncan},
  date         = {1987-09-03}
}

@article{haghighat_monte_2003,
  title        = {Monte Carlo variance reduction with deterministic importance functions},
  volume       = {42},
  issn         = {0149-1970},
  doi          = {10.1016/S0149-1970(02)00002-1},
  pages        = {25--53},
  number       = {1},
  journaltitle = {Progress in Nuclear Energy},
  author       = {Haghighat, Alireza and Wagner, John C.},
  urldate      = {2024-12-25},
  date         = {2003-01-01}
}

@article{beskos_hybrid_2011,
  title        = {Hybrid Monte Carlo on Hilbert spaces},
  volume       = {121},
  issn         = {0304-4149},
  doi          = {10.1016/j.spa.2011.06.003},
  pages        = {2201--2230},
  number       = {10},
  journaltitle = {Stochastic Processes and their Applications},
  author       = {Beskos, A. and Pinski, F. J. and Sanz-Serna, J. M. and Stuart, A. M.},
  date         = {2011-10-01}
}

@article{mongwe_hybrid_nodate,
  title  = {Hybrid Monte Carlo Methods In Machine Learning:  Stochastic Volatility Methods, Shadow Hamiltonians, Adaptive Approaches and Variance Reduction Techniques},
  author = {Mongwe, Wilson Tsakane}
}

@article{becker_hybrid_2007,
  title        = {A Hybrid Monte Carlo-Deterministic Method for Global Particle Transport Calculations},
  volume       = {155},
  issn         = {0029-5639},
  doi          = {10.13182/NSE07-A2653},
  pages        = {155--167},
  number       = {2},
  journaltitle = {Nuclear Science and Engineering},
  author       = {Becker, Troy L. and Wollaber, Allan B. and Larsen, Edward W.},
  date         = {2007-02-01}
}

@article{wang_hybrid_2022,
  title        = {Hybrid Monte Carlo methods for Geant4-based nuclear well logging implementation},
  volume       = {169},
  issn         = {0306-4549},
  doi          = {10.1016/j.anucene.2021.108824},
  pages        = {108824},
  journaltitle = {Annals of Nuclear Energy},
  author       = {Wang, Xinyang and Liang, Jingang and Li, Yulian and Zhang, Qiong},
  date         = {2022-05-01}
}

@book{lux_monte_2018,
  location  = {Boca Raton},
  title     = {Monte Carlo Particle Transport Methods},
  isbn      = {978-1-351-07483-4},
  pagetotal = {529},
  publisher = {{CRC} Press},
  author    = {Lux, I.},
  date      = {2018-05-04},
  doi       = {10.1201/9781351074834}
}

@thesis{madonghui_2024,
  title       = {蒙特卡罗粒子输运程序的性能建模与并行方法研究},
  institution = {国防科技大学},
  type        = {硕士},
  author      = {马, 东辉},
  date        = {2024},
  doi         = {10.27052/d.cnki.gzjgu.2022.000431}
}

@thesis{song_2014,
  title       = {面向先进反应堆的蒙特卡罗模拟方法与程序设计研究},
  institution = {中国科学技术大学},
  type        = {博士},
  author      = {宋, 婧},
  date        = {2014},
  keywords    = {蒙特卡罗, {ITER}, 云计算, 先进反应堆, 源收敛}
}

@article{zhao_2024,
  title        = {适应于多物理耦合的高置信蒙特卡罗粒子输运方法研究},
  issn         = {1001-246X},
  pages        = {1--11},
  journaltitle = {计算物理},
  author       = {赵, 若修 and 车, 锐 and 孙, 宁延 and 刘, 仕倡 and 刘, 琨 and 王, 连杰}
}

@article{gaston_method_2021,
  title        = {Method of Characteristics for 3D, Full-Core Neutron Transport on Unstructured Mesh},
  volume       = {207},
  issn         = {0029-5450},
  doi          = {10.1080/00295450.2021.1871995},
  pages        = {931--953},
  number       = {7},
  journaltitle = {Nuclear Technology},
  author       = {Gaston, Derek R. and Forget, Benoit and Smith, Kord S. and Harbour, Logan H. and Ridley, Gavin K. and Giudicelli, Guillaume G.},
  date         = {2021-07-03}
}

@article{mackenze_improved_1989,
  title        = {An improved hybrid Monte Carlo method},
  volume       = {226},
  issn         = {0370-2693},
  doi          = {10.1016/0370-2693(89)91212-4},
  pages        = {369--371},
  number       = {3},
  journaltitle = {Physics Letters B},
  author       = {Mackenze, Paul B.},
  date         = {1989-08-10}
}

@article{wu_hybrid_2012,
  title        = {Hybrid Monte Carlo-Deterministic Methods for Reactor Analysis},
  volume       = {180},
  issn         = {0029-5450},
  doi          = {10.13182/NT12-A15350},
  pages        = {372--382},
  number       = {3},
  journaltitle = {Nuclear Technology},
  author       = {Wu, Zeyun and Zhang, Qiong and Abdel-Khalik, Hany},
  date         = {2012-12-01}
}

@article{beskos_optimal_2013,
  title        = {Optimal tuning of the hybrid Monte Carlo algorithm},
  volume       = {19},
  issn         = {1350-7265},
  doi          = {10.3150/12-BEJ414},
  pages        = {1501--1534},
  number       = {5},
  journaltitle = {Bernoulli},
  author       = {Beskos, Alexandros and Pillai, Natesh and Roberts, Gareth and Sanz-Serna, Jesus-Maria and Stuart, Andrew},
  date         = {2013-11}
}

@article{gupta_tuning_1988,
  title        = {Tuning the hybrid Monte Carlo algorithm},
  volume       = {38},
  doi          = {10.1103/PhysRevD.38.1278},
  pages        = {1278--1287},
  number       = {4},
  journaltitle = {Physical Review D},
  author       = {Gupta, Rajan and Kilcup, Gregory W. and Sharpe, Stephen R.},
  date         = {1988-08-15}
}

@inreference{noauthor_leapfrog_2024,
  title     = {Leapfrog integration},
  rights    = {Creative Commons Attribution-{ShareAlike} License},
  url       = {https://en.wikipedia.org/w/index.php?title=Leapfrog_integration&oldid=1244408783},
  booktitle = {Wikipedia},
  date      = {2024-09-06}
}

@article{alam_lattice_2020,
  title        = {Lattice benchmarking of deterministic, Monte Carlo and hybrid Monte Carlo reactor physics codes for the soluble-boron-free {SMR} cores},
  volume       = {356},
  issn         = {0029-5493},
  doi          = {10.1016/j.nucengdes.2019.110350},
  pages        = {110350},
  journaltitle = {Nuclear Engineering and Design},
  author       = {Alam, Syed Bahauddin and Kumar, Dinesh and Almutairi, Bader and Ridwan, Tuhfatur and Goodwin, Cameron and Parks, Geoffrey T.},
  date         = {2020-01-01}
}

@article{lu_hybrid_2018,
  title        = {Hybrid Monte Carlo approach for accurate and efficient shutdown dose rate calculation},
  volume       = {136},
  issn         = {0920-3796},
  doi          = {10.1016/j.fusengdes.2018.03.005},
  series       = {Special Issue: Proceedings of the 13th International Symposium on Fusion Nuclear Technology ({ISFNT}-13)},
  pages        = {498--502},
  journaltitle = {Fusion Engineering and Design},
  author       = {Lu, Peng and Fischer, Ulrich and Pereslavtsev, Pavel and Qiu, Yuefeng and Serikov, Arkady and Li, Jiangang and Song, Yuntao},
  date         = {2018-11-01}
}

@article{wagner_hybrid_2011,
  title        = {Hybrid and Parallel Domain-Decomposition Methods Development to Enable Monte Carlo for Reactor Analyses},
  volume       = {2},
  issn         = {2185-4823},
  doi          = {10.15669/pnst.2.815},
  pages        = {815--820},
  number       = {0},
  journaltitle = {Progress in Nuclear Science and Technology},
  author       = {Wagner, John C. and Mosher, Scott W. and Evans, Thomas M. and Peplow, Douglas E. and Turner, John A.},
  date         = {2011-10-01}
}

@article{lee_hybrid_2015,
  title        = {A Hybrid Monte Carlo/Method-of-Characteristics Method for Efficient Neutron Transport Analysis},
  volume       = {180},
  issn         = {0029-5639},
  doi          = {10.13182/NSE13-102},
  pages        = {69--85},
  number       = {1},
  journaltitle = {Nuclear Science and Engineering},
  author       = {Lee, Hyunsuk and Choi, Sooyoung and Lee, Deokjung},
  date         = {2015-05-01}
}

@article{brown2005fundamentals,
  title   = {Fundamentals of Monte Carlo particle transport},
  author  = {Brown, Forrest B},
  journal = {Los Alamos National Laboratory, LA-UR-05-4983},
  year    = {2005}
}

@article{wagner_review_2011,
  title        = {Review of Hybrid (Deterministic/Monte Carlo) Radiation Transport Methods, Codes, and Applications at Oak Ridge National Laboratory},
  volume       = {2},
  issn         = {2185-4823},
  doi          = {10.15669/pnst.2.808},
  pages        = {808--814},
  number       = {0},
  journaltitle = {Progress in Nuclear Science and Technology},
  author       = {Wagner, John C. and Peplow, Douglas E. and Mosher, Scott W. and Evans, Thomas M.},
  date         = {2011-10-01}
}

@thesis{nie_2018,
  title       = {蒙特卡罗减方差方法研究及其在聚变反应堆中的应用},
  institution = {中国科学技术大学},
  type        = {硕士},
  author      = {聂, 星辰},
  date        = {2018}
}
